<?xml version="1.0" encoding="UTF-8"?><collection xmlns="http://www.loc.gov/MARC21/slim"><record><leader>00362nam--2200133-i-4500</leader><controlfield tag="001">000030939</controlfield><controlfield tag="002">20161230</controlfield><controlfield tag="005">20161230201038</controlfield><controlfield tag="008">060222s1000------------r-----000-0-eng-d</controlfield><datafield ind1="1" ind2="0" tag="100"><subfield code="a">Moisil, Gr.C</subfield></datafield><datafield ind1="1" ind2=" " tag="245"><subfield code="a">Teoria algebrica a schemelor cu contacte si relee</subfield></datafield><datafield ind1=" " ind2=" " tag="260"><subfield code="a">Bucuresti, Ed.Tehnica, 1965, 406p</subfield></datafield><datafield ind1=" " ind2=" " tag="852"><subfield code="a">22139</subfield><subfield code="c">517.11</subfield></datafield><datafield ind1=" " ind2=" " tag="CAT"><subfield code="a">Sys</subfield><subfield code="c">20080715</subfield><subfield code="h">123356</subfield></datafield></record></collection>